@book{james2013introduction,
    title={An Introduction to Statistical Learning with Applications in Python},
    author={James, Gareth and Witten, Daniela and Hastie, Trevor and Tibshirani, Robert and Taylor, Jonathan},
    year={2013},
    publisher={Springer},
    series={Springer Texts in Statistics},
    editor={Allen, G. and De Veaux, R. and Nugent, R.},
}

@misc{sklearn_book,
    title={scikit-learn: Machine Learning in Python},
    author={Pedregosa, F. and Varoquaux, G. and Gramfort, A. and Michel, V. and Thirion, B. and Grisel, O. and Blondel, M. and Prettenhofer, P. and Weiss, R. and Dubourg, V. and Vanderplas, J. and Passos, A. and Cournapeau, D. and Brucher, M. and Perrot, M. and Duchesnay, E.},
    year={2011},
    howpublished={\url{https://scikit-learn.org}},
}

@misc{reiter2020,
    title={Statistical Analysis of Network Data with R},
    author={Reiter, Jerome P.},
    year={2020},
    howpublished={\url{http://www2.stat.duke.edu/~jerry/ReiterUNC2020.pdf}},
}

https://scikit-learn.org/stable/modules/generated/sklearn.ensemble.RandomForestRegressor.html#examples-using-sklearn-ensemble-randomforestregressor

@misc{kmeans_sklearn,
    title={sklearn.cluster.KMeans},
    author={Pedregosa, F. and Varoquaux, G. and Gramfort, A. and Michel, V. and Thirion, B. and Grisel, O. and Blondel, M. and Prettenhofer, P. and Weiss, R. and Dubourg, V. and Vanderplas, J. and Passos, A. and Cournapeau, D. and Brucher, M. and Perrot, M. and Duchesnay, E.},
    year={2021},
    howpublished={\url{https://scikit-learn.org/stable/modules/generated/sklearn.cluster.KMeans.html#sklearn.cluster.KMeans}},
}

@misc{svm_sklearn,
    title={scikit-learn: Support Vector Machines},
    author={Pedregosa, F. and Varoquaux, G. and Gramfort, A. and Michel, V. and Thirion, B. and Grisel, O. and Blondel, M. and Prettenhofer, P. and Weiss, R. and Dubourg, V. and Vanderplas, J. and Passos, A. and Cournapeau, D. and Brucher, M. and Perrot, M. and Duchesnay, E.},
    year={2021},
    howpublished={\url{https://scikit-learn.org/stable/modules/svm.html}},
}